@inproceedings{cadini2008using,
  title={Using centrality measures to rank the importance of the components of a complex network infrastructure},
  author={Cadini, Francesco and Zio, Enrico and Petrescu, Cristina-Andreea},
  booktitle={International Workshop on Critical Information Infrastructures Security},
  pages={155--167},
  year={2008},
  organization={Springer}
}

@article{bavelas1948mathematical,
  title={A mathematical model for group structures},
  author={Bavelas, Alex},
  journal={Human organization},
  volume={7},
  number={3},
  pages={16--30},
  year={1948},
  publisher={Society for Applied Anthropology}
}

@article{brandes2016maintaining,
  title={Maintaining the duality of closeness and betweenness centrality},
  author={Brandes, Ulrik and Borgatti, Stephen P and Freeman, Linton C},
  journal={Social Networks},
  volume={44},
  pages={153--159},
  year={2016},
  publisher={Elsevier}
}
