
@article{ramos2011validated,
  title={Validated primer set that prevents nuclear DNA sequences of mitochondrial origin co-amplification: A revision based on the New Human Genome Reference Sequence (GRCh37)},
  author={Ramos, Amanda and Santos, Cristina and Barbena, Elena and Mateiu, Ligia and Alvarez, Luis and Nogu{\'e}s, Ramon and Aluja, Maria Pilar},
  journal={Electrophoresis},
  volume={32},
  number={6-7},
  pages={782--783},
  year={2011},
  publisher={Wiley Online Library}
}

@article{kinsella2011ensembl,
  title={Ensembl BioMarts: a hub for data retrieval across taxonomic space},
  author={Kinsella, Rhoda J and K{\"a}h{\"a}ri, Andreas and Haider, Syed and Zamora, Jorge and Proctor, Glenn and Spudich, Giulietta and Almeida-King, Jeff and Staines, Daniel and Derwent, Paul and Kerhornou, Arnaud and others},
  journal={Database},
  volume={2011},
  year={2011},
  publisher={Oxford University Press}
}

@article{aken2016ensembl,
  title={The Ensembl gene annotation system},
  author={Aken, Bronwen L and Ayling, Sarah and Barrell, Daniel and Clarke, Laura and Curwen, Valery and Fairley, Susan and Fernandez Banet, Julio and Billis, Konstantinos and Garc{\'\i}a Gir{\'o}n, Carlos and Hourlier, Thibaut and others},
  journal={Database},
  volume={2016},
  year={2016},
  publisher={Oxford University Press}
}

@article{gray2012genenames,
  title={Genenames. org: the HGNC resources in 2013},
  author={Gray, Kristian A and Daugherty, Louise C and Gordon, Susan M and Seal, Ruth L and Wright, Mathew W and Bruford, Elspeth A},
  journal={Nucleic acids research},
  volume={41},
  number={D1},
  pages={D545--D552},
  year={2012},
  publisher={Oxford University Press}
}



@article{maglott2005entrez,
  title={Entrez Gene: gene-centered information at NCBI},
  author={Maglott, Donna and Ostell, Jim and Pruitt, Kim D and Tatusova, Tatiana},
  journal={Nucleic acids research},
  volume={33},
  number={suppl\_1},
  pages={D54--D58},
  year={2005},
  publisher={Oxford University Press}
}

@article{fitch2000homology,
  title={Homology: a personal view on some of the problems},
  author={Fitch, Walter M},
  journal={Trends in genetics},
  volume={16},
  number={5},
  pages={227--231},
  year={2000},
  publisher={Elsevier}
}

@article{jensen2001orthologs,
  title={Orthologs and paralogs-we need to get it right},
  author={Jensen, Roy A},
  journal={Genome biology},
  volume={2},
  number={8},
  pages={interactions1002--1},
  year={2001},
  publisher={BioMed Central}
}

@article{kuleshov2019modenrichr,
  title={modEnrichr: a suite of gene set enrichment analysis tools for model organisms},
  author={Kuleshov, Maxim V and Diaz, Jennifer EL and Flamholz, Zachary N and Keenan, Alexandra B and Lachmann, Alexander and Wojciechowicz, Megan L and Cagan, Ross L and Ma’ayan, Avi},
  journal={Nucleic acids research},
  volume={47},
  number={W1},
  pages={W183--W190},
  year={2019},
  publisher={Oxford University Press}
}

@article{kriventseva2019orthodb,
  title={OrthoDB v10: sampling the diversity of animal, plant, fungal, protist, bacterial and viral genomes for evolutionary and functional annotations of orthologs},
  author={Kriventseva, Evgenia V and Kuznetsov, Dmitry and Tegenfeldt, Fredrik and Manni, Mos{\`e} and Dias, Renata and Sim{\~a}o, Felipe A and Zdobnov, Evgeny M},
  journal={Nucleic acids research},
  volume={47},
  number={D1},
  pages={D807--D811},
  year={2019},
  publisher={Oxford University Press}
}

@article{skrzypek2018saccharomyces,
  title={Saccharomyces genome database informs human biology},
  author={Skrzypek, Marek S and Nash, Robert S and Wong, Edith D and MacPherson, Kevin A and Hellerstedt, Sage T and Engel, Stacia R and Karra, Kalpana and Weng, Shuai and Sheppard, Travis K and Binkley, Gail and others},
  journal={Nucleic acids research},
  volume={46},
  number={D1},
  pages={D736--D742},
  year={2018},
  publisher={Oxford University Press}
}

%Vertex measures

@article{boccaletti2006complex,
  title={Complex networks: Structure and dynamics},
  author={Boccaletti, Stefano and Latora, Vito and Moreno, Yamir and Chavez, Martin and Hwang, D-U},
  journal={Physics reports},
  volume={424},
  number={4-5},
  pages={175--308},
  year={2006},
  publisher={Elsevier}
}

@book{newman2018networks,
  title={Networks},
  author={Newman, Mark},
  year={2018},
  publisher={Oxford university press}
}

@book{barabasi2016network,
  title={Network science},
  author={Barab{\'a}si, Albert-L{\'a}szl{\'o} and others},
  year={2016},
  publisher={Cambridge university press}
}

@article{clauset2009power,
  title={Power-law distributions in empirical data},
  author={Clauset, Aaron and Shalizi, Cosma Rohilla and Newman, Mark EJ},
  journal={SIAM review},
  volume={51},
  number={4},
  pages={661--703},
  year={2009},
  publisher={SIAM}
}

@article{newman2002assortative,
  title={Assortative mixing in networks},
  author={Newman, Mark EJ},
  journal={Physical review letters},
  volume={89},
  number={20},
  pages={208701},
  year={2002},
  publisher={APS}
}


@article{gillespie2015fitting,
  title={Fitting Heavy Tailed Distributions: The poweRlaw Package},
  author={Gillespie, Colin S and others},
  journal={Journal of Statistical Software},
  volume={64},
  number={i02},
  year={2015},
  publisher={Foundation for Open Access Statistics}
}

@article{raman2014organisational,
  title={The organisational structure of protein networks: revisiting the centrality--lethality hypothesis},
  author={Raman, Karthik and Damaraju, Nandita and Joshi, Govind Krishna},
  journal={Systems and synthetic biology},
  volume={8},
  number={1},
  pages={73--81},
  year={2014},
  publisher={Springer}
}

@article{jeong2001lethality,
  title={Lethality and centrality in protein networks},
  author={Jeong, Hawoong and Mason, Sean P and Barab{\'a}si, A-L and Oltvai, Zoltan N},
  journal={Nature},
  volume={411},
  number={6833},
  pages={41--42},
  year={2001},
  publisher={Nature Publishing Group}
}

@article{lek2016analysis,
  title={Analysis of protein-coding genetic variation in 60,706 humans},
  author={Lek, Monkol and Karczewski, Konrad J and Minikel, Eric V and Samocha, Kaitlin E and Banks, Eric and Fennell, Timothy and O’Donnell-Luria, Anne H and Ware, James S and Hill, Andrew J and Cummings, Beryl B and others},
  journal={Nature},
  volume={536},
  number={7616},
  pages={285--291},
  year={2016},
  publisher={Nature Publishing Group}
}

@article{lusseau2003bottlenose,
  title={The bottlenose dolphin community of Doubtful Sound features a large proportion of long-lasting associations},
  author={Lusseau, David and Schneider, Karsten and Boisseau, Oliver J and Haase, Patti and Slooten, Elisabeth and Dawson, Steve M},
  journal={Behavioral Ecology and Sociobiology},
  volume={54},
  number={4},
  pages={396--405},
  year={2003},
  publisher={Springer}
}

@article{watts1998collective,
  title={Collective dynamics of ‘small-world’networks},
  author={Watts, Duncan J and Strogatz, Steven H},
  journal={nature},
  volume={393},
  number={6684},
  pages={440},
  year={1998},
  publisher={Nature Publishing Group}
}

@article{oldham2019consistency,
title={Consistency and differences between centrality measures across distinct classes of networks},
author={Oldham, Stuart and Fulcher, Ben and Parkes, Linden and Arnatkevic̆i{=u}t{.e}, Aurina and Suo, Chao and Fornito, Alex},
journal={PloS one},
volume={14},
number={7},
year={2019},
publisher={Public Library of Science} }

@article{grant2012synaptopathies,
  title={Synaptopathies: diseases of the synaptome},
  author={Grant, Seth GN},
  journal={Current opinion in neurobiology},
  volume={22},
  number={3},
  pages={522--529},
  year={2012},
  publisher={Elsevier}
}

@article{sudhof2012presynaptic,
  title={The presynaptic active zone},
  author={S{\"u}dhof, Thomas C},
  journal={Neuron},
  volume={75},
  number={1},
  pages={11--25},
  year={2012},
  publisher={Elsevier}
}

@article{lassek2015synaptic,
  title={The synaptic proteome},
  author={La{\ss}ek, Melanie and Weingarten, Jens and Volknandt, Walter},
  journal={Cell and tissue research},
  volume={359},
  number={1},
  pages={255--265},
  year={2015},
  publisher={Springer}
}

@article{pocklington2006proteomes,
  title={The proteomes of neurotransmitter receptor complexes form modular networks with distributed functionality underlying plasticity and behaviour},
  author={Pocklington, Andrew J and Cumiskey, Mark and Armstrong, J Douglas and Grant, Seth GN},
  journal={Molecular systems biology},
  volume={2},
  number={1},
  year={2006},
  publisher={John Wiley \& Sons, Ltd}
}

@article{laughlin2003communication,
  title={Communication in neuronal networks},
  author={Laughlin, Simon B and Sejnowski, Terrence J},
  journal={Science},
  volume={301},
  number={5641},
  pages={1870--1874},
  year={2003},
  publisher={American Association for the Advancement of Science}
}

@article{lisman2012mechanisms,
  title={Mechanisms of CaMKII action in long-term potentiation},
  author={Lisman, John and Yasuda, Ryohei and Raghavachari, Sridhar},
  journal={Nature reviews neuroscience},
  volume={13},
  number={3},
  pages={169--182},
  year={2012},
  publisher={Nature Publishing Group}
}

@incollection{stewart2014structure,
  title={Structure and complexity of the synapse and dendritic spine},
  author={Stewart, Michael G and Popov, Victor I and Kraev, Igor V and Medvedev, Nikolay and Davies, Heather A},
  booktitle={The synapse},
  pages={1--20},
  year={2014},
  publisher={Elsevier}
}

@article{zhu2016mechanistic,
  title={Mechanistic basis of MAGUK-organized complexes in synaptic development and signalling},
  author={Zhu, Jinwei and Shang, Yuan and Zhang, Mingjie},
  journal={Nature Reviews Neuroscience},
  volume={17},
  number={4},
  pages={209},
  year={2016},
  publisher={Nature Publishing Group}
}

@article{niswender2010metabotropic,
  title={Metabotropic glutamate receptors: physiology, pharmacology, and disease},
  author={Niswender, Colleen M and Conn, P Jeffrey},
  journal={Annual review of pharmacology and toxicology},
  volume={50},
  pages={295--322},
  year={2010},
  publisher={Annual Reviews}
}

@article{traynelis2010glutamate,
  title={Glutamate receptor ion channels: structure, regulation, and function},
  author={Traynelis, Stephen F and Wollmuth, Lonnie P and McBain, Chris J and Menniti, Frank S and Vance, Katie M and Ogden, Kevin K and Hansen, Kasper B and Yuan, Hongjie and Myers, Scott J and Dingledine, Ray},
  journal={Pharmacological reviews},
  volume={62},
  number={3},
  pages={405--496},
  year={2010},
  publisher={ASPET}
}

@article{henley2013ampa,
  title={AMPA receptor trafficking and the mechanisms underlying synaptic plasticity and cognitive aging},
  author={Henley, Jeremy M and Wilkinson, Kevin A},
  journal={Dialogues in clinical neuroscience},
  volume={15},
  number={1},
  pages={11},
  year={2013},
  publisher={Les Laboratoires Servier}
}

@article{sharma2000induction,
  title={Induction of visual orientation modules in auditory cortex},
  author={Sharma, Jitendra and Angelucci, Alessandra and Sur, Mriganka},
  journal={Nature},
  volume={404},
  number={6780},
  pages={841--847},
  year={2000},
  publisher={Nature Publishing Group}
}

@article{plomin2015genetics,
  title={Genetics and intelligence differences: five special findings},
  author={Plomin, Robert and Deary, Ian J},
  journal={Molecular psychiatry},
  volume={20},
  number={1},
  pages={98--108},
  year={2015},
  publisher={Nature Publishing Group}
}

@article{plomin2013common,
  title={Common DNA markers can account for more than half of the genetic influence on cognitive abilities},
  author={Plomin, Robert and Haworth, Claire MA and Meaburn, Emma L and Price, Thomas S and Wellcome Trust Case Control Consortium 2 and Davis, Oliver SP},
  journal={Psychological Science},
  volume={24},
  number={4},
  pages={562--568},
  year={2013},
  publisher={Sage Publications Sage CA: Los Angeles, CA}
}

@article{hinton2007learning,
  title={Learning multiple layers of representation},
  author={Hinton, Geoffrey E},
  journal={Trends in cognitive sciences},
  volume={11},
  number={10},
  pages={428--434},
  year={2007},
  publisher={Elsevier}
}

@inproceedings{dean2012three,
  title={Three controversial hypotheses concerning computation in the primate cortex},
  author={Dean, Thomas and Corrado, Greg S and Shlens, Jonathon},
  booktitle={Twenty-Sixth AAAI Conference on Artificial Intelligence},
  year={2012}
}


@article{kandel2014molecular,
  title={The molecular and systems biology of memory},
  author={Kandel, Eric R and Dudai, Yadin and Mayford, Mark R},
  journal={Cell},
  volume={157},
  number={1},
  pages={163--186},
  year={2014},
  publisher={Elsevier}
}

@article{gallistel2013neuroscience,
  title={The neuroscience of learning: beyond the Hebbian synapse},
  author={Gallistel, Charles Randy and Matzel, Louis D},
  journal={Annual review of psychology},
  volume={64},
  pages={169--200},
  year={2013},
  publisher={Annual Reviews}
}


@article{hamosh2005online,
  title={Online Mendelian Inheritance in Man (OMIM), a knowledgebase of human genes and genetic disorders},
  author={Hamosh, Ada and Scott, Alan F and Amberger, Joanna S and Bocchini, Carol A and McKusick, Victor A},
  journal={Nucleic acids research},
  volume={33},
  number={suppl\_1},
  pages={D514--D517},
  year={2005},
  publisher={Oxford University Press}
}

@article{thompson2015excitatory,
  title={An excitatory synapse hypothesis of depression},
  author={Thompson, Scott M and Kallarackal, Angy J and Kvarta, Mark D and Van Dyke, Adam M and LeGates, Tara A and Cai, Xiang},
  journal={Trends in neurosciences},
  volume={38},
  number={5},
  pages={279--294},
  year={2015},
  publisher={Elsevier}
}

@article{hu2015glutamate,
  title={The glutamate hypothesis of schizophrenia: evidence from human brain tissue studies},
  author={Hu, Wei and MacDonald, Matthew L and Elswick, Daniel E and Sweet, Robert A},
  journal={Annals of the New York Academy of Sciences},
  volume={1338},
  number={1},
  pages={38},
  year={2015},
  publisher={NIH Public Access}
}

@article{bocarsly2015obesity,
  title={Obesity diminishes synaptic markers, alters microglial morphology, and impairs cognitive function},
  author={Bocarsly, Miriam E and Fasolino, Maria and Kane, Gary A and LaMarca, Elizabeth A and Kirschen, Gregory W and Karatsoreos, Ilia N and McEwen, Bruce S and Gould, Elizabeth},
  journal={Proceedings of the National Academy of Sciences},
  volume={112},
  number={51},
  pages={15731--15736},
  year={2015},
  publisher={National Acad Sciences}
}

@article{pocklington2014synapse,
  title={The synapse in schizophrenia},
  author={Pocklington, Andrew J and O'Donovan, Michael and Owen, Michael J},
  journal={European Journal of Neuroscience},
  volume={39},
  number={7},
  pages={1059--1067},
  year={2014},
  publisher={Wiley Online Library}
}

@article{hall2015genetic,
  title={Genetic risk for schizophrenia: convergence on synaptic pathways involved in plasticity},
  author={Hall, Jeremy and Trent, Simon and Thomas, Kerrie L and O’Donovan, Michael C and Owen, Michael J},
  journal={Biological psychiatry},
  volume={77},
  number={1},
  pages={52--58},
  year={2015},
  publisher={Elsevier}
}

@article{nguyen2018network,
  title={Network-Based Approaches for Pathway Level Analysis},
  author={Nguyen, Tin and Mitrea, Cristina and Draghici, Sorin},
  journal={Current protocols in bioinformatics},
  volume={61},
  number={1},
  pages={8--25},
  year={2018},
  publisher={Wiley Online Library}
}

@article{blondel2008fast,
  title={Fast unfolding of communities in large networks},
  author={Blondel, Vincent D and Guillaume, Jean-Loup and Lambiotte, Renaud and Lefebvre, Etienne},
  journal={Journal of statistical mechanics: theory and experiment},
  volume={2008},
  number={10},
  pages={P10008},
  year={2008},
  publisher={IOP Publishing}
}

@article{ghiassian2015disease,
  title={A DIseAse MOdule Detection (DIAMOnD) algorithm derived from a systematic analysis of connectivity patterns of disease proteins in the human interactome},
  author={Ghiassian, Susan Dina and Menche, J{\"o}rg and Barab{\'a}si, Albert-L{\'a}szl{\'o}},
  journal={PLoS computational biology},
  volume={11},
  number={4},
  year={2015},
  publisher={Public Library of Science}
}


@article{scheefhals2018functional,
  title={Functional organization of postsynaptic glutamate receptors},
  author={Scheefhals, Nicky and MacGillavry, Harold D},
  journal={Molecular and Cellular Neuroscience},
  volume={91},
  pages={82--94},
  year={2018},
  publisher={Elsevier}
}

@article{emes2012evolution,
  title={Evolution of synapse complexity and diversity},
  author={Emes, Richard D and Grant, Seth GN},
  journal={Annual review of neuroscience},
  volume={35},
  pages={111--131},
  year={2012},
  publisher={Annual Reviews}
}



@article{lisman2017glutamatergic,
  title={Glutamatergic synapses are structurally and biochemically complex because of multiple plasticity processes: long-term potentiation, long-term depression, short-term potentiation and scaling},
  author={Lisman, John},
  journal={Philosophical Transactions of the Royal Society B: Biological Sciences},
  volume={372},
  number={1715},
  pages={20160260},
  year={2017},
  publisher={The Royal Society}
}

@article{de2017genetic,
  title={Genetic studies on the tripartite glutamate synapse in the pathophysiology and therapeutics of mood disorders},
  author={de Sousa, Rafael T and Loch, Alexandre A and Carvalho, Andr{\'e} F and Brunoni, Andr{\'e} R and Haddad, Marie Reine and Henter, Ioline D and Zarate, Carlos A and Machado-Vieira, Rodrigo},
  journal={Neuropsychopharmacology},
  volume={42},
  number={4},
  pages={787--800},
  year={2017},
  publisher={Nature Publishing Group}
}


@article{contractor2011kainate,
  title={Kainate receptors coming of age: milestones of two decades of research},
  author={Contractor, Anis and Mulle, Christophe and Swanson, Geoffrey T},
  journal={Trends in neurosciences},
  volume={34},
  number={3},
  pages={154--163},
  year={2011},
  publisher={Elsevier}
}













@article{lassek2014proteome,
  title={The proteome of the murine presynaptic active zone},
  author={La{\ss}ek, Melanie and Weingarten, Jens and Volknandt, Walter},
  journal={Proteomes},
  volume={2},
  number={2},
  pages={243--257},
  year={2014},
  publisher={Multidisciplinary Digital Publishing Institute}
}


@incollection{ashery2014molecular,
  title={The Molecular Mechanisms Underlying Synaptic Transmission: A View of the Presynaptic Terminal},
  author={Ashery, Uri and Bielopolski, Noa and Lavi, Ayal and Barak, Boaz and Michaeli, Lirin and Ben-Simon, Yoav and Sheinin, Anton and Bar-On, Dana and Shapira, Zehavit and Gottfried, Irit},
  booktitle={The Synapse},
  pages={21--109},
  year={2014},
  publisher={Elsevier}
}

@article{bayes2012comparative,
  title={Comparative study of human and mouse postsynaptic proteomes finds high compositional conservation and abundance differences for key synaptic proteins},
  author={Bayes, Alex and Collins, Mark O and Croning, Mike DR and Van De Lagemaat, LOUIE N and Choudhary, Jyoti S and Grant, Seth GN},
  journal={PloS one},
  volume={7},
  number={10},
  year={2012},
  publisher={Public Library of Science}
}

@article{focking2015proteomic,
  title={Proteomic and genomic evidence implicates the postsynaptic density in schizophrenia},
  author={F{\"o}cking, Melanie and Lopez, Lorna M and English, Jane A and Dicker, Patrick and Wolff, A and Brindley, E and Wynne, Kieran and Cagney, Gerard and Cotter, David R},
  journal={Molecular psychiatry},
  volume={20},
  number={4},
  pages={424--432},
  year={2015},
  publisher={Nature Publishing Group}
}

@article{purcell2014polygenic,
  title={A polygenic burden of rare disruptive mutations in schizophrenia},
  author={Purcell, Shaun M and Moran, Jennifer L and Fromer, Menachem and Ruderfer, Douglas and Solovieff, Nadia and Roussos, Panos and O’dushlaine, Colm and Chambert, Kimberly and Bergen, Sarah E and K{\"a}hler, Anna and others},
  journal={Nature},
  volume={506},
  number={7487},
  pages={185--190},
  year={2014},
  publisher={Nature Publishing Group}
}

@article{nithianantharajah2013synaptic,
  title={Synaptic scaffold evolution generated components of vertebrate cognitive complexity},
  author={Nithianantharajah, Jess and Komiyama, Noboru H and McKechanie, Andrew and Johnstone, Mandy and Blackwood, Douglas H and St Clair, David and Emes, Richard D and Van De Lagemaat, Louie N and Saksida, Lisa M and Bussey, Timothy J and others},
  journal={Nature neuroscience},
  volume={16},
  number={1},
  pages={16},
  year={2013},
  publisher={Nature Publishing Group}
}

@article{grant2016molecular,
  title={The molecular evolution of the vertebrate behavioural repertoire},
  author={Grant, Seth GN},
  journal={Philosophical Transactions of the Royal Society B: Biological Sciences},
  volume={371},
  number={1685},
  pages={20150051},
  year={2016},
  publisher={The Royal Society}
}

@article{kitano2002systems,
  title={Systems biology: a brief overview},
  author={Kitano, Hiroaki},
  journal={science},
  volume={295},
  number={5560},
  pages={1662--1664},
  year={2002},
  publisher={American Association for the Advancement of Science}
}

@incollection{armstrong2012evolution,
  title={Evolution of the cognitive proteome: from static to dynamic network models},
  author={Armstrong, J Douglas and Sorokina, Oksana},
  booktitle={Advances in Systems Biology},
  pages={119--134},
  year={2012},
  publisher={Springer}
}

@article{brazma2006standards,
  title={Standards for systems biology},
  author={Brazma, Alvis and Krestyaninova, Maria and Sarkans, Ugis},
  journal={Nature Reviews Genetics},
  volume={7},
  number={8},
  pages={593--605},
  year={2006},
  publisher={Nature Publishing Group}
}

@article{hermjakob2004hupo,
  title={The HUPO PSI's molecular interaction format—a community standard for the representation of protein interaction data},
  author={Hermjakob, Henning and Montecchi-Palazzi, Luisa and Bader, Gary and Wojcik, Jerome and Salwinski, Lukasz and Ceol, Arnaud and Moore, Susan and Orchard, Sandra and Sarkans, Ugis and Von Mering, Christian and others},
  journal={Nature biotechnology},
  volume={22},
  number={2},
  pages={177--183},
  year={2004},
  publisher={Nature Publishing Group}
}

@article{kerrien2007broadening,
  title={Broadening the horizon--level 2.5 of the HUPO-PSI format for molecular interactions},
  author={Kerrien, Samuel and Orchard, Sandra and Montecchi-Palazzi, Luisa and Aranda, Bruno and Quinn, Antony F and Vinod, Nisha and Bader, Gary D and Xenarios, Ioannis and Wojcik, J{\'e}r{\^o}me and Sherman, David and others},
  journal={BMC biology},
  volume={5},
  number={1},
  pages={44},
  year={2007},
  publisher={Springer}
}

@article{korpi2015mechanisms,
  title={Mechanisms of action and persistent neuroplasticity by drugs of abuse},
  author={Korpi, Esa R and den Hollander, Bj{\o}rnar and Farooq, Usman and Vashchinkina, Elena and Rajkumar, Ramamoorthy and Nutt, David J and Hyyti{\"a}, Petri and Dawe, Gavin S},
  journal={Pharmacological reviews},
  volume={67},
  number={4},
  pages={872--1004},
  year={2015},
  publisher={ASPET}
}

@article{davies2015genetic,
  title={Genetic contributions to variation in general cognitive function: a meta-analysis of genome-wide association studies in the CHARGE consortium (N= 53 949)},
  author={Davies, Gail and Armstrong, Nicola and Bis, Joshua C and Bressler, Jan and Chouraki, Vincent and Giddaluru, Sudheer and Hofer, Edith and Ibrahim-Verbaas, Carla A and Kirin, Mirna and Lahti, J and others},
  journal={Molecular psychiatry},
  volume={20},
  number={2},
  pages={183--192},
  year={2015},
  publisher={Nature Publishing Group}
}

@article{spearman1961general,
  title={" General Intelligence" Objectively Determined and Measured.},
  author={Spearman, Charles},
  year={1961},
  publisher={Appleton-Century-Crofts}
}

@book{carroll1993human,
  title={Human cognitive abilities: A survey of factor-analytic studies},
  author={Carroll, John B and others},
  year={1993},
  publisher={Cambridge University Press}
}

@article{strenze2007intelligence,
  title={Intelligence and socioeconomic success: A meta-analytic review of longitudinal research},
  author={Strenze, Tarmo},
  journal={Intelligence},
  volume={35},
  number={5},
  pages={401--426},
  year={2007},
  publisher={Elsevier}
}

@article{deary2012annrev,
author = {Deary, Ian J.},
title = {Intelligence},
journal = {Annual Review of Psychology},
volume = {63},
number = {1},
pages = {453-482},
year = {2012},
doi = {10.1146/annurev-psych-120710-100353},
    note ={PMID: 21943169},

URL = { 
        https://doi.org/10.1146/annurev-psych-120710-100353
    
},
eprint = { 
        https://doi.org/10.1146/annurev-psych-120710-100353
    
}
,
    abstract = { Individual differences in human intelligence are of interest to a wide range of psychologists and to many people outside the discipline. This overview of contributions to intelligence research covers the first decade of the twenty-first century. There is a survey of some of the major books that appeared since 2000, at different levels of expertise and from different points of view. Contributions to the phenotype of intelligence differences are discussed, as well as some contributions to causes and consequences of intelligence differences. The major causal issues covered concern the environment and genetics, and how intelligence differences are being mapped to brain differences. The major outcomes discussed are health, education, and socioeconomic status. Aging and intelligence are discussed, as are sex differences in intelligence and whether twins and singletons differ in intelligence. More generally, the degree to which intelligence has become a part of broader research in neuroscience, health, and social science is discussed. }
}

@article{yang2011gcta,
  title={GCTA: a tool for genome-wide complex trait analysis},
  author={Yang, Jian and Lee, S Hong and Goddard, Michael E and Visscher, Peter M},
  journal={The American Journal of Human Genetics},
  volume={88},
  number={1},
  pages={76--82},
  year={2011},
  publisher={Elsevier}
}

@article{marioni2014common,
  title={Common genetic variants explain the majority of the correlation between height and intelligence: the generation Scotland study},
  author={Marioni, Riccardo E and Batty, G David and Hayward, Caroline and Kerr, Shona M and Campbell, Archie and Hocking, Lynne J and Scotland, Generation and Porteous, David J and Visscher, Peter M and Deary, Ian J},
  journal={Behavior Genetics},
  volume={44},
  number={2},
  pages={91--96},
  year={2014},
  publisher={Springer}
}

@article{xia2016pedigree,
  title={Pedigree-and SNP-associated genetics and recent environment are the major contributors to anthropometric and cardiometabolic trait variation},
  author={Xia, Charley and Amador, Carmen and Huffman, Jennifer and Trochet, Holly and Campbell, Archie and Porteous, David and Scotland, Generation and Hastie, Nicholas D and Hayward, Caroline and Vitart, Veronique and others},
  journal={PLoS genetics},
  volume={12},
  number={2},
  year={2016},
  publisher={Public Library of Science}
}

@article{hill2018genomic,
  title={Genomic analysis of family data reveals additional genetic effects on intelligence and personality},
  author={Hill, W David and Arslan, Ruben C and Xia, Charley and Luciano, Michelle and Amador, Carmen and Navarro, Pau and Hayward, Caroline and Nagy, Reka and Porteous, David J and McIntosh, Andrew M and others},
  journal={Molecular psychiatry},
  volume={23},
  number={12},
  pages={2347--2362},
  year={2018},
  publisher={Nature Publishing Group}
}

@article{wood2014defining,
  title={Defining the role of common variation in the genomic and biological architecture of adult human height},
  author={Wood, Andrew R and Esko, Tonu and Yang, Jian and Vedantam, Sailaja and Pers, Tune H and Gustafsson, Stefan and Chu, Audrey Y and Estrada, Karol and Kutalik, Zolt{\'a}n and Amin, Najaf and others},
  journal={Nature genetics},
  volume={46},
  number={11},
  pages={1173},
  year={2014},
  publisher={Nature Publishing Group}
}

@article{sniekers2017genome,
  title={Genome-wide association meta-analysis of 78,308 individuals identifies new loci and genes influencing human intelligence},
  author={Sniekers, Suzanne and Stringer, Sven and Watanabe, Kyoko and Jansen, Philip R and Coleman, Jonathan RI and Krapohl, Eva and Taskesen, Erdogan and Hammerschlag, Anke R and Okbay, Aysu and Zabaneh, Delilah and others},
  journal={Nature genetics},
  volume={49},
  number={7},
  pages={1107},
  year={2017},
  publisher={Nature Publishing Group}
}

@article{hill2019combined,
  title={A combined analysis of genetically correlated traits identifies 187 loci and a role for neurogenesis and myelination in intelligence},
  author={Hill, WD and Marioni, RE and Maghzian, O and Ritchie, SJ and Hagenaars, SP and McIntosh, AM and Gale, CR and Davies, G and Deary, IJ},
  journal={Molecular psychiatry},
  volume={24},
  number={2},
  pages={169--181},
  year={2019},
  publisher={Nature Publishing Group}
}

@article{hill2014human,
  title={Human cognitive ability is influenced by genetic variation in components of postsynaptic signalling complexes assembled by NMDA receptors and MAGUK proteins},
  author={Hill, Wayne David and Davies, Gail and Van De Lagemaat, Louie N and Christoforou, Andrea and Marioni, RE and Fernandes, CPD and Liewald, David Cherry and Croning, Mike DR and Payton, Anthony and Craig, Leone CA and others},
  journal={Translational psychiatry},
  volume={4},
  number={1},
  pages={e341--e341},
  year={2014},
  publisher={Nature Publishing Group}
}

@article{hill2016molecular,
  title={Molecular genetic aetiology of general cognitive function is enriched in evolutionarily conserved regions},
  author={Hill, William David and Davies
  , Gail and Harris, Sarah E and Hagenaars, Saskia P and Liewald, David C and Penke, Lars and Gale, Catherine R and Deary, IJ},
  journal={Translational psychiatry},
  volume={6},
  number={12},
  pages={e980--e980},
  year={2016},
  publisher={Nature Publishing Group}
}

@article{hill2016examining,
  title={Examining non-syndromic autosomal recessive intellectual disability (NS-ARID) genes for an enriched association with intelligence differences},
  author={Hill, WD and Davies, G and Liewald, DC and Payton, A and McNeil, CJ and Whalley, LJ and Horan, M and Ollier, W and Starr, JM and Pendleton, N and others},
  journal={Intelligence},
  volume={54},
  pages={80--89},
  year={2016},
  publisher={Elsevier}
}

@article{de2016statistical,
  title={The statistical properties of gene-set analysis},
  author={De Leeuw, Christiaan A and Neale, Benjamin M and Heskes, Tom and Posthuma, Danielle},
  journal={Nature Reviews Genetics},
  volume={17},
  number={6},
  pages={353},
  year={2016},
  publisher={Nature Publishing Group}
}

@article{johnson2016systems,
  title={Systems genetics identifies a convergent gene network for cognition and neurodevelopmental disease},
  author={Johnson, Michael R and Shkura, Kirill and Langley, Sarah R and Delahaye-Duriez, Andree and Srivastava, Prashant and Hill, W David and Rackham, Owen JL and Davies, Gail and Harris, Sarah E and Moreno-Moral, Aida and others},
  journal={Nature neuroscience},
  volume={19},
  number={2},
  pages={223},
  year={2016},
  publisher={Nature Publishing Group}
}

@article{newman2012communities,
  title={Communities, modules and large-scale structure in networks},
  author={Newman, Mark EJ},
  journal={Nature physics},
  volume={8},
  number={1},
  pages={25--31},
  year={2012},
  publisher={Nature Publishing Group}
}

@article{barabasi1999emergence,
  title={Emergence of scaling in random networks},
  author={Barab{\'a}si, Albert-L{\'a}szl{\'o} and Albert, R{\'e}ka},
  journal={science},
  volume={286},
  number={5439},
  pages={509--512},
  year={1999},
  publisher={American Association for the Advancement of Science}
}

@article{rosvall2008maps,
  title={Maps of random walks on complex networks reveal community structure},
  author={Rosvall, Martin and Bergstrom, Carl T},
  journal={Proceedings of the National Academy of Sciences},
  volume={105},
  number={4},
  pages={1118--1123},
  year={2008},
  publisher={National Acad Sciences}
}

@article{albert2000error,
  title={Error and attack tolerance of complex networks},
  author={Albert, R{\'e}ka and Jeong, Hawoong and Barab{\'a}si, Albert-L{\'a}szl{\'o}},
  journal={nature},
  volume={406},
  number={6794},
  pages={378--382},
  year={2000},
  publisher={Nature Publishing Group}
}

@article{bianconi2001competition,
  title={Competition and multiscaling in evolving networks},
  author={Bianconi, Ginestra and Barab{\'a}si, A-L},
  journal={EPL (Europhysics Letters)},
  volume={54},
  number={4},
  pages={436},
  year={2001},
  publisher={IOP Publishing}
}

@article{hsiao2001compendium,
  title={A compendium of gene expression in normal human tissues},
  author={Hsiao, Li-Li and Dangond, Fernando and Yoshida, Takumi and Hong, Robert and Jensen, Roderick V and Misra, Jatin and Dillon, William and Lee, Kailin F and Clark, Kathryn E and Haverty, Peter and others},
  journal={Physiological genomics},
  year={2001},
  publisher={American Physiological Society}
}

@article{boyle2017expanded,
  title={An expanded view of complex traits: from polygenic to omnigenic},
  author={Boyle, Evan A and Li, Yang I and Pritchard, Jonathan K},
  journal={Cell},
  volume={169},
  number={7},
  pages={1177--1186},
  year={2017},
  publisher={Elsevier}
}

@article{goh2007human,
  title={The human disease network},
  author={Goh, Kwang-Il and Cusick, Michael E and Valle, David and Childs, Barton and Vidal, Marc and Barab{\'a}si, Albert-L{\'a}szl{\'o}},
  journal={Proceedings of the National Academy of Sciences},
  volume={104},
  number={21},
  pages={8685--8690},
  year={2007},
  publisher={National Acad Sciences}
}

@article{wachi2005interactome,
  title={Interactome-transcriptome analysis reveals the high centrality of genes differentially expressed in lung cancer tissues},
  author={Wachi, Shinichiro and Yoneda, Ken and Wu, Reen},
  journal={Bioinformatics},
  volume={21},
  number={23},
  pages={4205--4208},
  year={2005},
  publisher={Oxford University Press}
}

@article{xu2010module,
  title={Module detection in complex networks using integer optimisation},
  author={Xu, Gang and Bennett, Laura and Papageorgiou, Lazaros G and Tsoka, Sophia},
  journal={Algorithms for Molecular Biology},
  volume={5},
  number={1},
  pages={36},
  year={2010},
  publisher={BioMed Central}
}

@article{bonacich1987power,
  title={Power and centrality: A family of measures},
  author={Bonacich, Phillip},
  journal={American journal of sociology},
  volume={92},
  number={5},
  pages={1170--1182},
  year={1987},
  publisher={University of Chicago Press}
}

@article{fortunato2016community,
  title={Community detection in networks: A user guide},
  author={Fortunato, Santo and Hric, Darko},
  journal={Physics reports},
  volume={659},
  pages={1--44},
  year={2016},
  publisher={Elsevier}
}

@article{girvan2002community,
  title={Community structure in social and biological networks},
  author={Girvan, Michelle and Newman, Mark EJ},
  journal={Proceedings of the national academy of sciences},
  volume={99},
  number={12},
  pages={7821--7826},
  year={2002},
  publisher={National Acad Sciences}
}

@article{xu2006discovering,
  title={Discovering disease-genes by topological features in human protein--protein interaction network},
  author={Xu, Jianzhen and Li, Yongjin},
  journal={Bioinformatics},
  volume={22},
  number={22},
  pages={2800--2805},
  year={2006},
  publisher={Oxford University Press}
}

@article{zachary1977information,
  title={An information flow model for conflict and fission in small groups},
  author={Zachary, Wayne W},
  journal={Journal of anthropological research},
  volume={33},
  number={4},
  pages={452--473},
  year={1977},
  publisher={University of New Mexico}
}

@article{mclean2016improved,
  title={Improved functional enrichment analysis of biological networks using scalable modularity based clustering},
  author={Mclean, Colin and He, X and Simpson, Ian T and Armstrong, J Douglas},
  journal={J. Proteomics Bioinform},
  volume={9},
  number={10},
  year={2016}
}


@inproceedings{adamic2005political,
  title={The political blogosphere and the 2004 US election: divided they blog},
  author={Adamic, Lada A and Glance, Natalie},
  booktitle={Proceedings of the 3rd international workshop on Link discovery},
  pages={36--43},
  year={2005}
}

@article{ravasz2002hierarchical,
  title={Hierarchical organization of modularity in metabolic networks},
  author={Ravasz, Erzs{\'e}bet and Somera, Anna Lisa and Mongru, Dale A and Oltvai, Zolt{\'a}n N and Barab{\'a}si, A-L},
  journal={science},
  volume={297},
  number={5586},
  pages={1551--1555},
  year={2002},
  publisher={American Association for the Advancement of Science}
}



@article{ghiassian2015disease,
  title={A DIseAse MOdule Detection (DIAMOnD) algorithm derived from a systematic analysis of connectivity patterns of disease proteins in the human interactome},
  author={Ghiassian, Susan Dina and Menche, J{\"o}rg and Barab{\'a}si, Albert-L{\'a}szl{\'o}},
  journal={PLoS computational biology},
  volume={11},
  number={4},
  year={2015},
  publisher={Public Library of Science}
}

@article{newman2013spectral,
  title={Spectral methods for community detection and graph partitioning},
  author={Newman, Mark EJ},
  journal={Physical Review E},
  volume={88},
  number={4},
  pages={042822},
  year={2013},
  publisher={APS}
}

@article{okbay2016genome,
  title={Genome-wide association study identifies 74 loci associated with educational attainment},
  author={Okbay, Aysu and Beauchamp, Jonathan P and Fontana, Mark Alan and Lee, James J and Pers, Tune H and Rietveld, Cornelius A and Turley, Patrick and Chen, Guo-Bo and Emilsson, Valur and Meddens, S Fleur W and others},
  journal={Nature},
  volume={533},
  number={7604},
  pages={539--542},
  year={2016},
  publisher={Nature Publishing Group}
}

@article{PALAY1956,
abstract = {A number of different synapses have been described in the medulla, cerebellar cortex, and cerebral cortex of the rat. All of these possess the same fundamental fine structure as follows: 1. Close apposition of the limiting membranes of presynaptic and postsynaptic cells without any protoplasmic continuity across the synapse. The two apposed membranes are separated by a cleft about 200 A wide, and display localized regions of thickening and increased density. 2. The presynaptic expansion of the axon, the end-foot or bouton terminal, contains a collection of mitochondria and clusters of small vesicles about 200 to 650 A in diameter. Although the significance of these structures in the physiology of the synapse is still unknown, two suggestions are made: that the mitochondria, by means of the relation between their enzymatic activity and ion transport, participate in the electrical phenomena about the synapse; and that the small synaptic vesicles provide the morphological representation of the prejunctional, subcellular units of neurohumoral discharge at the synapse demanded by physiological evidence.},
author = {PALAY, S L},
doi = {10.1083/jcb.2.4.193},
issn = {0095-9901},
journal = {The Journal of biophysical and biochemical cytology},
keywords = {*Axons,*Central Nervous System,*Electrons,*MICROSCOPY, ELECTRON,*Microscopy,*Microscopy, Electron,*Mitochondria,*Neurotransmitter Agents,*SYNAPSES,*Synapses,*Synaptic Vesicles,Animals,Rats},
language = {eng},
month = {jul},
number = {4 Suppl},
pages = {193--202},
publisher = {The Rockefeller University Press},
title = {{Synapses in the central nervous system}},
url = {https://pubmed.ncbi.nlm.nih.gov/13357542 https://www.ncbi.nlm.nih.gov/pmc/articles/PMC2229686/},
volume = {2},
year = {1956}
}

@article{kennedy2000signal,
  title={Signal-processing machines at the postsynaptic density},
  author={Kennedy, Mary B},
  journal={Science},
  volume={290},
  number={5492},
  pages={750--754},
  year={2000},
  publisher={American Association for the Advancement of Science}
}

@article{ewing2007large,
  title={Large-scale mapping of human protein--protein interactions by mass spectrometry},
  author={Ewing, Rob M and Chu, Peter and Elisma, Fred and Li, Hongyan and Taylor, Paul and Climie, Shane and McBroom-Cerajewski, Linda and Robinson, Mark D and O'Connor, Liam and Li, Michael and others},
  journal={Molecular systems biology},
  volume={3},
  number={1},
  year={2007},
  publisher={John Wiley \& Sons, Ltd}
}

@article{xenarios2002dip,
  title={DIP, the Database of Interacting Proteins: a research tool for studying cellular networks of protein interactions},
  author={Xenarios, Ioannis and Salwinski, Lukasz and Duan, Xiaoqun Joyce and Higney, Patrick and Kim, Sul-Min and Eisenberg, David},
  journal={Nucleic acids research},
  volume={30},
  number={1},
  pages={303--305},
  year={2002},
  publisher={Oxford University Press}
}

@article{orchard2014mintact,
  title={The MIntAct project—IntAct as a common curation platform for 11 molecular interaction databases},
  author={Orchard, Sandra and Ammari, Mais and Aranda, Bruno and Breuza, Lionel and Briganti, Leonardo and Broackes-Carter, Fiona and Campbell, Nancy H and Chavali, Gayatri and Chen, Carol and Del-Toro, Noemi and others},
  journal={Nucleic acids research},
  volume={42},
  number={D1},
  pages={D358--D363},
  year={2014},
  publisher={Oxford University Press}
}

@article{chatr2017biogrid,
  title={The BioGRID interaction database: 2017 update},
  author={Chatr-Aryamontri, Andrew and Oughtred, Rose and Boucher, Lorrie and Rust, Jennifer and Chang, Christie and Kolas, Nadine K and O'Donnell, Lara and Oster, Sara and Theesfeld, Chandra and Sellam, Adnane and others},
  journal={Nucleic acids research},
  volume={45},
  number={D1},
  pages={D369--D379},
  year={2017},
  publisher={Oxford University Press}
}

@article{csardi2006igraph,
  title={The igraph software package for complex network research},
  author={Csardi, Gabor and Nepusz, Tamas and others},
  journal={InterJournal, complex systems},
  volume={1695},
  number={5},
  pages={1--9},
  year={2006}
}

@article{de2015magma,
  title={MAGMA: generalized gene-set analysis of GWAS data},
  author={de Leeuw, Christiaan A and Mooij, Joris M and Heskes, Tom and Posthuma, Danielle},
  journal={PLoS computational biology},
  volume={11},
  number={4},
  year={2015},
  publisher={Public Library of Science}
}

@article{lamparter2016fast,
  title={Fast and rigorous computation of gene and pathway scores from SNP-based summary statistics},
  author={Lamparter, David and Marbach, Daniel and Rueedi, Rico and Kutalik, Zolt{\'a}n and Bergmann, Sven},
  journal={PLoS computational biology},
  volume={12},
  number={1},
  pages={e1004714},
  year={2016},
  publisher={Public Library of Science}
}

@article{liu2010versatile,
  title={A versatile gene-based test for genome-wide association studies},
  author={Liu, Jimmy Z and Mcrae, Allan F and Nyholt, Dale R and Medland, Sarah E and Wray, Naomi R and Brown, Kevin M and Hayward, Nicholas K and Montgomery, Grant W and Visscher, Peter M and Martin, Nicholas G and others},
  journal={The American Journal of Human Genetics},
  volume={87},
  number={1},
  pages={139--145},
  year={2010},
  publisher={Elsevier}
}

@article{subramanian2005gene,
  title={Gene set enrichment analysis: a knowledge-based approach for interpreting genome-wide expression profiles},
  author={Subramanian, Aravind and Tamayo, Pablo and Mootha, Vamsi K and Mukherjee, Sayan and Ebert, Benjamin L and Gillette, Michael A and Paulovich, Amanda and Pomeroy, Scott L and Golub, Todd R and Lander, Eric S and others},
  journal={Proceedings of the National Academy of Sciences},
  volume={102},
  number={43},
  pages={15545--15550},
  year={2005},
  publisher={National Acad Sciences}
}

@article{mooney2015gene,
  title={Gene set analysis: A step-by-step guide},
  author={Mooney, Michael A and Wilmot, Beth},
  journal={American Journal of Medical Genetics Part B: Neuropsychiatric Genetics},
  volume={168},
  number={7},
  pages={517--527},
  year={2015},
  publisher={Wiley Online Library}
}

@article{mi2013large,
  title={Large-scale gene function analysis with the PANTHER classification system},
  author={Mi, Huaiyu and Muruganujan, Anushya and Casagrande, John T and Thomas, Paul D},
  journal={Nature protocols},
  volume={8},
  number={8},
  pages={1551},
  year={2013},
  publisher={Nature Publishing Group}
}

@article{ashburner2000gene,
  title={Gene ontology: tool for the unification of biology},
  author={Ashburner, Michael and Ball, Catherine A and Blake, Judith A and Botstein, David and Butler, Heather and Cherry, J Michael and Davis, Allan P and Dolinski, Kara and Dwight, Selina S and Eppig, Janan T and others},
  journal={Nature genetics},
  volume={25},
  number={1},
  pages={25--29},
  year={2000},
  publisher={Nature Publishing Group}
}

@article{chen2009toppgene,
  title={ToppGene Suite for gene list enrichment analysis and candidate gene prioritization},
  author={Chen, Jing and Bardes, Eric E and Aronow, Bruce J and Jegga, Anil G},
  journal={Nucleic acids research},
  volume={37},
  number={suppl\_2},
  pages={W305--W311},
  year={2009},
  publisher={Oxford University Press}
}

@article{lek2016analysis,
  title={Analysis of protein-coding genetic variation in 60,706 humans},
  author={Lek, Monkol and Karczewski, Konrad J and Minikel, Eric V and Samocha, Kaitlin E and Banks, Eric and Fennell, Timothy and O’Donnell-Luria, Anne H and Ware, James S and Hill, Andrew J and Cummings, Beryl B and others},
  journal={Nature},
  volume={536},
  number={7616},
  pages={285--291},
  year={2016},
  publisher={Nature Publishing Group}
}

@article{ryan2009origin,
  title={The origin and evolution of synapses},
  author={Ryan, Tom{\'a}s J and Grant, Seth GN},
  journal={Nature Reviews Neuroscience},
  volume={10},
  number={10},
  pages={701--712},
  year={2009},
  publisher={Nature Publishing Group}
}

@article{bayes2012comparative,
  title={Comparative study of human and mouse postsynaptic proteomes finds high compositional conservation and abundance differences for key synaptic proteins},
  author={Bayes, Alex and Collins, Mark O and Croning, Mike DR and Van De Lagemaat, LOUIE N and Choudhary, Jyoti S and Grant, Seth GN},
  journal={PloS one},
  volume={7},
  number={10},
  year={2012},
  publisher={Public Library of Science}
}

@article{bayes2011characterization,
  title={Characterization of the proteome, diseases and evolution of the human postsynaptic density},
  author={Bay{\'e}s, {\`A}lex and Van De Lagemaat, Louie N and Collins, Mark O and Croning, Mike DR and Whittle, Ian R and Choudhary, Jyoti S and Grant, Seth GN},
  journal={Nature neuroscience},
  volume={14},
  number={1},
  pages={19--21},
  year={2011},
  publisher={Nature Publishing Group}
}

@article{smedley2015biomart,
  title={The BioMart community portal: an innovative alternative to large, centralized data repositories},
  author={Smedley, Damian and Haider, Syed and Durinck, Steffen and Pandini, Luca and Provero, Paolo and Allen, James and Arnaiz, Olivier and Awedh, Mohammad Hamza and Baldock, Richard and Barbiera, Giulia and others},
  journal={Nucleic acids research},
  volume={43},
  number={W1},
  pages={W589--W598},
  year={2015},
  publisher={Oxford University Press}
}

@article{cowley2012pina,
  title={PINA v2. 0: mining interactome modules},
  author={Cowley, Mark J and Pinese, Mark and Kassahn, Karin S and Waddell, Nic and Pearson, John V and Grimmond, Sean M and Biankin, Andrew V and Hautaniemi, Sampsa and Wu, Jianmin},
  journal={Nucleic acids research},
  volume={40},
  number={D1},
  pages={D862--D865},
  year={2012},
  publisher={Oxford University Press}
}

@article{day2003glutamate,
  title={Glutamate-receptor-mediated encoding and retrieval of paired-associate learning},
  author={Day, M and Langston, R and Morris, Richard GM},
  journal={Nature},
  volume={424},
  number={6945},
  pages={205--209},
  year={2003},
  publisher={Nature Publishing Group}
}

@article{lynch2004long,
  title={Long-term potentiation and memory},
  author={Lynch, Marina A},
  journal={Physiological reviews},
  volume={84},
  number={1},
  pages={87--136},
  year={2004},
  publisher={American Physiological Society}
}

@article{audet2018divergence,
  title={Divergence in problem-solving skills is associated with differential expression of glutamate receptors in wild finches},
  author={Audet, Jean-Nicolas and Kayello, Lima and Ducatez, Simon and Perillo, Sara and Cauchard, Laure and Howard, Jason T and O’Connell, Lauren A and Jarvis, Erich D and Lefebvre, Louis},
  journal={Science advances},
  volume={4},
  number={3},
  pages={eaao6369},
  year={2018},
  publisher={American Association for the Advancement of Science}
}

@article{peel2017ground,
  title={The ground truth about metadata and community detection in networks},
  author={Peel, Leto and Larremore, Daniel B and Clauset, Aaron},
  journal={Science advances},
  volume={3},
  number={5},
  pages={e1602548},
  year={2017},
  publisher={American Association for the Advancement of Science}
}

@article{newman2016structure,
  title={Structure and inference in annotated networks},
  author={Newman, Mark EJ and Clauset, Aaron},
  journal={Nature communications},
  volume={7},
  number={1},
  pages={1--11},
  year={2016},
  publisher={Nature Publishing Group}
}





@book{foster1895text,
  title={A Text-book of Physiology, part 3},
  author={Sheerington C,S in Foster,M},
  year={1897},
  publisher={Macmillan and Co.Ltd},
  edition={7th}
}

@phdthesis{heil2018systems,
  title={Systems biological approach to Parkinson’s disease},
  author={Heil, Katharina Friedlinde},
  year={2018},
  publisher={The University of Edinburgh}
}

@article{hebb1949organization,
  title={Organization of behavior. New York: Wiley},
  author={Hebb, DO},
  journal={J. Clin. Psychol},
  volume={6},
  number={3},
  pages={335--307},
  year={1949}
}

@book{hebb1949organization_check,
  title={The organization of behavior: A neuropsychological theory},
  author={Hebb, Donald Olding},
  year={1949},
  publisher={Wiley, New York}
}

@article{sorokina2013simulator,
  title={A simulator for spatially extended kappa models},
  author={Sorokina, Oksana and Sorokin, Anatoly and Armstrong, J Douglas and Danos, Vincent},
  journal={Bioinformatics},
  volume={29},
  number={23},
  pages={3105},
  year={2013},
  publisher={Oxford University Press}
}

@inproceedings{sorokin2014rkappa,
  title={RKappa: Statistical sampling suite for Kappa models},
  author={Sorokin, Anatoly and Sorokina, Oksana and Armstrong, J Douglas},
  booktitle={International Workshop on Hybrid Systems Biology},
  pages={128--142},
  year={2014},
  organization={Springer}
}

@article{walpole2013multiscale,
  title={Multiscale computational models of complex biological systems},
  author={Walpole, Joseph and Papin, Jason A and Peirce, Shayn M},
  journal={Annual review of biomedical engineering},
  volume={15},
  pages={137--154},
  year={2013},
  publisher={Annual Reviews}
}

@article{dehal2005two,
  title={Two rounds of whole genome duplication in the ancestral vertebrate},
  author={Dehal, Paramvir and Boore, Jeffrey L},
  journal={PLoS biology},
  volume={3},
  number={10},
  pages={e314},
  year={2005},
  publisher={Public Library of Science}
}

@article{davies2016genome,
  title={Genome-wide association study of cognitive functions and educational attainment in UK Biobank (N= 112 151)},
  author={Davies, Gail and Marioni, Riccardo E and Liewald, David C and Hill, W David and Hagenaars, Saskia P and Harris, Sarah E and Ritchie, Stuart J and Luciano, Michelle and Fawns-Ritchie, Chloe and Lyall, Donald and others},
  journal={Molecular psychiatry},
  volume={21},
  number={6},
  pages={758--767},
  year={2016},
  publisher={Nature Publishing Group}
}

@article{savage2018genome,
  title={Genome-wide association meta-analysis in 269,867 individuals identifies new genetic and functional links to intelligence},
  author={Savage, Jeanne E and Jansen, Philip R and Stringer, Sven and Watanabe, Kyoko and Bryois, Julien and De Leeuw, Christiaan A and Nagel, Mats and Awasthi, Swapnil and Barr, Peter B and Coleman, Jonathan RI and others},
  journal={Nature genetics},
  volume={50},
  number={7},
  pages={912--919},
  year={2018},
  publisher={Nature Publishing Group}
}

@article{freeman1977set,
  title={A set of measures of centrality based on betweenness},
  author={Freeman, Linton C},
  journal={Sociometry},
  pages={35--41},
  year={1977},
  publisher={JSTOR}
}

@article{deary2009genetic,
  title={Genetic foundations of human intelligence},
  author={Deary, Ian J and Johnson, Wendy and Houlihan, Lorna M},
  journal={Human genetics},
  volume={126},
  number={1},
  pages={215--232},
  year={2009},
  publisher={Springer}
}

@article{uniprot2017uniprot,
  title={UniProt: the universal protein knowledgebase},
  journal={Nucleic acids research},
  volume={45},
  number={D1},
  pages={D158--D169},
  year={2017},
  publisher={Oxford University Press}
}

@article{isserlin2011biomolecular,
  title={The biomolecular interaction network database in PSI-MI 2.5},
  author={Isserlin, Ruth and El-Badrawi, Rashad A and Bader, Gary D},
  journal={Database},
  volume={2011},
  year={2011},
  publisher={Narnia}
}

@techreport{himsolt1997gml,
  title={GML: A portable graph file format},
  author={Himsolt, Michael},
  year={1997},
  institution={Technical report, Universitat Passau}
}



@article{murray2015global,
  title={Global, regional, and national disability-adjusted life years (DALYs) for 306 diseases and injuries and healthy life expectancy (HALE) for 188 countries, 1990--2013: quantifying the epidemiological transition},
  author={Murray, Christopher JL and Barber, Ryan M and Foreman, Kyle J and Ozgoren, Ayse Abbasoglu and Abd-Allah, Foad and Abera, Semaw F and Aboyans, Victor and Abraham, Jerry P and Abubakar, Ibrahim and Abu-Raddad, Laith J and others},
  journal={The Lancet},
  volume={386},
  number={10009},
  pages={2145--2191},
  year={2015},
  publisher={Elsevier}
}

@article{pakkenberg2003aging,
  title={Aging and the human neocortex},
  author={Pakkenberg, Bente and Pelvig, Dorte and Marner, Lisbeth and Bundgaard, Mads J and Gundersen, Hans J{\o}rgen G and Nyengaard, Jens R and Regeur, Lisbeth},
  journal={Experimental gerontology},
  volume={38},
  number={1-2},
  pages={95--99},
  year={2003},
  publisher={Elsevier}
}

@article{martens2007synaptotagmin,
  title={How synaptotagmin promotes membrane fusion},
  author={Martens, Sascha and Kozlov, Michael M and McMahon, Harvey T},
  journal={Science},
  volume={316},
  number={5828},
  pages={1205--1208},
  year={2007},
  publisher={American Association for the Advancement of Science}
}

@article{murrough2017targeting,
  title={Targeting glutamate signalling in depression: progress and prospects},
  author={Murrough, James W and Abdallah, Chadi G and Mathew, Sanjay J},
  journal={Nature Reviews Drug Discovery},
  volume={16},
  number={7},
  pages={472},
  year={2017},
  publisher={Nature Publishing Group}
}


@article{nicoll2017brief,
  title={A brief history of long-term potentiation},
  author={Nicoll, Roger A},
  journal={Neuron},
  volume={93},
  number={2},
  pages={281--290},
  year={2017},
  publisher={Elsevier}
}

@article{bliss1973long,
  title={Long-lasting potentiation of synaptic transmission in the dentate area of the anaesthetized rabbit following stimulation of the perforant path},
  author={Bliss, Tim VP and L{\o}mo, Terje},
  journal={The Journal of physiology},
  volume={232},
  number={2},
  pages={331--356},
  year={1973},
  publisher={Wiley Online Library}
}

@article{collingridge1983excitatory,
  title={Excitatory amino acids in synaptic transmission in the Schaffer collateral-commissural pathway of the rat hippocampus.},
  author={Collingridge, Graham L and Kehl, SJ and McLennan, H t},
  journal={The Journal of physiology},
  volume={334},
  number={1},
  pages={33--46},
  year={1983},
  publisher={Wiley Online Library}
}

@article{grant2019synapse,
  title={Synapse diversity and synaptome architecture in human genetic disorders},
  author={Grant, Seth GN},
  journal={Human molecular genetics},
  volume={28},
  number={R2},
  pages={R219--R225},
  year={2019},
  publisher={Oxford University Press}
}

@article{lisman1994cam,
  title={The CaM kinase II hypothesis for the storage of synaptic memory},
  author={Lisman, John},
  journal={Trends in neurosciences},
  volume={17},
  number={10},
  pages={406--412},
  year={1994},
  publisher={Elsevier}
}

@article{benjamini1995controlling,
  title={Controlling the false discovery rate: a practical and powerful approach to multiple testing},
  author={Benjamini, Yoav and Hochberg, Yosef},
  journal={Journal of the Royal statistical society: series B (Methodological)},
  volume={57},
  number={1},
  pages={289--300},
  year={1995},
  publisher={Wiley Online Library}
}

@article{bycroft2018uk,
  title={The UK Biobank resource with deep phenotyping and genomic data},
  author={Bycroft, Clare and Freeman, Colin and Petkova, Desislava and Band, Gavin and Elliott, Lloyd T and Sharp, Kevin and Motyer, Allan and Vukcevic, Damjan and Delaneau, Olivier and O’Connell, Jared and others},
  journal={Nature},
  volume={562},
  number={7726},
  pages={203--209},
  year={2018},
  publisher={Nature Publishing Group}
}





@article{lee2018gene,
  title={Gene discovery and polygenic prediction from a 1.1-million-person GWAS of educational attainment},
  author={Lee, James J and Wedow, Robbee and Okbay, Aysu and Kong, Edward and Maghzian, Omeed and Zacher, Meghan and Nguyen-Viet, Tuan Anh and Bowers, Peter and Sidorenko, Julia and Linn{\'e}r, Richard Karlsson and others},
  journal={Nature Genetics},
  volume={50},
  number={8},
  pages={1112},
  year={2018},
  publisher={NIH Public Access}
}

@article{lee2013network,
  title={Network models of genome-wide association studies uncover the topological centrality of protein interactions in complex diseases},
  author={Lee, Younghee and Li, Haiquan and Li, Jianrong and Rebman, Ellen and Achour, Ikbel and Regan, Kelly E and Gamazon, Eric R and Chen, James L and Yang, Xinan Holly and Cox, Nancy J and others},
  journal={Journal of the American Medical Informatics Association},
  volume={20},
  number={4},
  pages={619--629},
  year={2013},
  publisher={BMJ Publishing Group}
}

@article{liu2017sigmod,
  title={SigMod: an exact and efficient method to identify a strongly interconnected disease-associated module in a gene network},
  author={Liu, Yuanlong and Brossard, Myriam and Roqueiro, Damian and Margaritte-Jeannin, Patricia and Sarnowski, Chlo{\'e} and Bouzigon, Emmanuelle and Demenais, Florence},
  journal={Bioinformatics},
  volume={33},
  number={10},
  pages={1536--1544},
  year={2017},
  publisher={Oxford University Press}
}

@article{keverne1997evaluation,
  title={An evaluation of what the mouse knockout experiments are telling us about mammalian behaviour},
  author={Keverne, Eric B},
  journal={Bioessays},
  volume={19},
  number={12},
  pages={1091--1098},
  year={1997},
  publisher={Wiley Online Library}
}

@article{charlesworth2016canalization,
  title={Canalization of genetic and pharmacological perturbations in developing primary neuronal activity patterns},
  author={Charlesworth, Paul and Morton, Andrew and Eglen, Stephen J and Komiyama, Noboru H and Grant, Seth GN},
  journal={Neuropharmacology},
  volume={100},
  pages={47--55},
  year={2016},
  publisher={Elsevier}
}

@article{valente2010bridging,
  title={Bridging: locating critical connectors in a network},
  author={Valente, Thomas W and Fujimoto, Kayo},
  journal={Social Networks},
  volume={32},
  number={3},
  pages={212--220},
  year={2010},
  publisher={Elsevier}
}

@article{deary2014stability,
  title={The stability of intelligence from childhood to old age},
  author={Deary, Ian J},
  journal={Current Directions in Psychological Science},
  volume={23},
  number={4},
  pages={239--245},
  year={2014},
  publisher={Sage Publications Sage CA: Los Angeles, CA}
}

@book{deary2001intelligence,
  title={Intelligence: A very short introduction},
  author={Deary, Ian J},
  year={2001},
  publisher={Oxford University Press, USA}
}

@article{johnson2004just,
  title={Just one g: Consistent results from three test batteries},
  author={Johnson, Wendy and Bouchard Jr, Thomas J and Krueger, Robert F and McGue, Matt and Gottesman, Irving I},
  journal={Intelligence},
  volume={32},
  number={1},
  pages={95--107},
  year={2004},
  publisher={Elsevier}
}

@article{deary2010cognitive,
  title={Cognitive epidemiology: Its rise, its current issues, and its challenges},
  author={Deary, Ian J},
  journal={Personality and individual differences},
  volume={49},
  number={4},
  pages={337--343},
  year={2010},
  publisher={Elsevier}
}

@article{deary2007cognitive,
  title={Cognitive epidemiology},
  author={Deary, Ian J and Batty, G David},
  journal={Journal of Epidemiology \& Community Health},
  volume={61},
  number={5},
  pages={378--384},
  year={2007},
  publisher={BMJ Publishing Group Ltd}
}

@article{batty2007premorbid,
  title={Premorbid (early life) IQ and later mortality risk: systematic review},
  author={Batty, G David and Deary, Ian J and Gottfredson, Linda S},
  journal={Annals of epidemiology},
  volume={17},
  number={4},
  pages={278--288},
  year={2007},
  publisher={Elsevier}
}

@article{arden2016association,
  title={The association between intelligence and lifespan is mostly genetic},
  author={Arden, Rosalind and Luciano, Michelle and Deary, Ian J and Reynolds, Chandra A and Pedersen, Nancy L and Plassman, Brenda L and McGue, Matt and Christensen, Kaare and Visscher, Peter M},
  journal={International Journal of Epidemiology},
  volume={45},
  number={1},
  pages={178--185},
  year={2016},
  publisher={Oxford University Press}
}

@article{wraw2015intelligence,
  title={Intelligence in youth and health at age 50},
  author={Wraw, Christina and Deary, Ian J and Gale, Catharine R and Der, Geoff},
  journal={Intelligence},
  volume={53},
  pages={23--32},
  year={2015},
  publisher={Elsevier}
}

@article{hill2016age,
  title={Age-dependent pleiotropy between general cognitive function and major psychiatric disorders},
  author={Hill, W David and Davies, Gail and Liewald, David C and McIntosh, Andrew M and Deary, Ian J and CHARGE Cognitive Working Group and others},
  journal={Biological psychiatry},
  volume={80},
  number={4},
  pages={266--273},
  year={2016},
  publisher={Elsevier}
}

@article{croning2009g2cdb,
  title={G2Cdb: the Genes to Cognition database},
  author={Croning, Mike DR and Marshall, Michael C and McLaren, Peter and Armstrong, J Douglas and Grant, Seth GN},
  journal={Nucleic acids research},
  volume={37},
  number={suppl\_1},
  pages={D846--D851},
  year={2009},
  publisher={Oxford University Press}
}

@article{benyamin2014childhood,
  title={Childhood intelligence is heritable, highly polygenic and associated with FNBP1L},
  author={Benyamin, Beben and Pourcain, BSt and Davis, Oliver S and Davies, Gail and Hansell, Narelle K and Brion, M-JA and Kirkpatrick, RM and Cents, RAM and Frani{\'c}, Sanja and Miller, MB and others},
  journal={Molecular psychiatry},
  volume={19},
  number={2},
  pages={253--258},
  year={2014},
  publisher={Nature Publishing Group}
}

@article{plomin2013common,
  title={Common DNA markers can account for more than half of the genetic influence on cognitive abilities},
  author={Plomin, Robert and Haworth, Claire MA and Meaburn, Emma L and Price, Thomas S and Wellcome Trust Case Control Consortium 2 and Davis, Oliver SP},
  journal={Psychological Science},
  volume={24},
  number={4},
  pages={562--568},
  year={2013},
  publisher={Sage Publications Sage CA: Los Angeles, CA}
}

@article{yang2011gcta,
  title={GCTA: a tool for genome-wide complex trait analysis},
  author={Yang, Jian and Lee, S Hong and Goddard, Michael E and Visscher, Peter M},
  journal={The American Journal of Human Genetics},
  volume={88},
  number={1},
  pages={76--82},
  year={2011},
  publisher={Elsevier}
}

@article{davies2011genome,
  title={Genome-wide association studies establish that human intelligence is highly heritable and polygenic},
  author={Davies, Gail and Tenesa, Albert and Payton, Antony and Yang, Jian and Harris, Sarah E and Liewald, David and Ke, Xiayi and Le Hellard, Stephanie and Christoforou, Andrea and Luciano, Michelle and others},
  journal={Molecular psychiatry},
  volume={16},
  number={10},
  pages={996--1005},
  year={2011},
  publisher={Nature Publishing Group}
}

@article{psaty2009cohorts,
  title={Cohorts for Heart and Aging Research in Genomic Epidemiology (CHARGE) Consortium: Design of prospective meta-analyses of genome-wide association studies from 5 cohorts},
  author={Psaty, Bruce M and O'Donnell, Christopher J and Gudnason, Vilmundur and Lunetta, Kathryn L and Folsom, Aaron R and Rotter, Jerome I and Uitterlinden, Andr{\'e} G and Harris, Tamara B and Witteman, Jacqueline CM and Boerwinkle, Eric},
  journal={Circulation: Cardiovascular Genetics},
  volume={2},
  number={1},
  pages={73--80},
  year={2009},
  publisher={Am Heart Assoc}
}

@article{elliott2008uk,
  title={The UK Biobank sample handling and storage protocol for the collection, processing and archiving of human blood and urine},
  author={Elliott, Paul and Peakman, Tim C},
  journal={International journal of epidemiology},
  volume={37},
  number={2},
  pages={234--244},
  year={2008},
  publisher={Oxford University Press}
}

@article{rietveld2013gwas,
  title={GWAS of 126,559 individuals identifies genetic variants associated with educational attainment},
  author={Rietveld, Cornelius A and Medland, Sarah E and Derringer, Jaime and Yang, Jian and Esko, T{\~o}nu and Martin, Nicolas W and Westra, Harm-Jan and Shakhbazov, Konstantin and Abdellaoui, Abdel and Agrawal, Arpana and others},
  journal={science},
  volume={340},
  number={6139},
  pages={1467--1471},
  year={2013},
  publisher={American Association for the Advancement of Science}
}

@article{maslov2004detection,
  title={Detection of topological patterns in complex networks: correlation profile of the internet},
  author={Maslov, Sergei and Sneppen, Kim and Zaliznyak, Alexei},
  journal={Physica A: Statistical Mechanics and its Applications},
  volume={333},
  pages={529--540},
  year={2004},
  publisher={Elsevier}
}

@article{seidman1983network,
  title={Network structure and minimum degree},
  author={Seidman, Stephen B},
  journal={Social networks},
  volume={5},
  number={3},
  pages={269--287},
  year={1983},
  publisher={Elsevier}
}

@inproceedings{alvarez2006large,
  title={Large scale networks fingerprinting and visualization using the k-core decomposition},
  author={Alvarez-Hamelin, J Ignacio and Dall'Asta, Luca and Barrat, Alain and Vespignani, Alessandro},
  booktitle={Advances in neural information processing systems},
  pages={41--50},
  year={2006}
}

@article{maslov2004detection,
  title={Detection of topological patterns in complex networks: correlation profile of the internet},
  author={Maslov, Sergei and Sneppen, Kim and Zaliznyak, Alexei},
  journal={Physica A: Statistical Mechanics and its Applications},
  volume={333},
  pages={529--540},
  year={2004},
  publisher={Elsevier}
}

@article{seidman1983network,
  title={Network structure and minimum degree},
  author={Seidman, Stephen B},
  journal={Social networks},
  volume={5},
  number={3},
  pages={269--287},
  year={1983},
  publisher={Elsevier}
}

@inproceedings{alvarez2006large,
  title={Large scale networks fingerprinting and visualization using the k-core decomposition},
  author={Alvarez-Hamelin, J Ignacio and Dall'Asta, Luca and Barrat, Alain and Vespignani, Alessandro},
  booktitle={Advances in neural information processing systems},
  pages={41--50},
  year={2006}
}

@article{gtex2015genotype,
  title={The Genotype-Tissue Expression (GTEx) pilot analysis: multitissue gene regulation in humans},
  author={GTEx Consortium and others},
  journal={Science},
  volume={348},
  number={6235},
  pages={648--660},
  year={2015},
  publisher={American Association for the Advancement of Science}
}

@article{conesa2016survey,
  title={A survey of best practices for RNA-seq data analysis},
  author={Conesa, Ana and Madrigal, Pedro and Tarazona, Sonia and Gomez-Cabrero, David and Cervera, Alejandra and McPherson, Andrew and Szcze{\'s}niak, Micha{\l} Wojciech and Gaffney, Daniel J and Elo, Laura L and Zhang, Xuegong and others},
  journal={Genome biology},
  volume={17},
  number={1},
  pages={13},
  year={2016},
  publisher={BioMed Central}
}

@article{coleman2019biological,
  title={Biological annotation of genetic loci associated with intelligence in a meta-analysis of 87,740 individuals},
  author={Coleman, Jonathan RI and Bryois, Julien and Gaspar, H{\'e}l{\'e}na A and Jansen, Philip R and Savage, Jeanne E and Skene, Nathan and Plomin, Robert and Mu{\~n}oz-Manchado, Ana B and Linnarsson, Sten and Crawford, Greg and others},
  journal={Molecular psychiatry},
  volume={24},
  number={2},
  pages={182--197},
  year={2019},
  publisher={Nature Publishing Group}
}

@article{plomin2018new,
  title={The new genetics of intelligence},
  author={Plomin, Robert and von Stumm, Sophie},
  journal={Nature Reviews Genetics},
  volume={19},
  number={3},
  pages={148},
  year={2018},
  publisher={Nature Publishing Group}
}

@article{rietveld2014common,
  title={Common genetic variants associated with cognitive performance identified using the proxy-phenotype method},
  author={Rietveld, Cornelius A and Esko, T{\~o}nu and Davies, Gail and Pers, Tune H and Turley, Patrick and Benyamin, Beben and Chabris, Christopher F and Emilsson, Valur and Johnson, Andrew D and Lee, James J and others},
  journal={Proceedings of the National Academy of Sciences},
  volume={111},
  number={38},
  pages={13790--13794},
  year={2014},
  publisher={National Acad Sciences}
}

@article{turley2018multi,
  title={Multi-trait analysis of genome-wide association summary statistics using MTAG},
  author={Turley, Patrick and Walters, Raymond K and Maghzian, Omeed and Okbay, Aysu and Lee, James J and Fontana, Mark Alan and Nguyen-Viet, Tuan Anh and Wedow, Robbee and Zacher, Meghan and Furlotte, Nicholas A and others},
  journal={Nature genetics},
  volume={50},
  number={2},
  pages={229--237},
  year={2018},
  publisher={Nature Publishing Group}
}

@article{bulik2015ld,
  title={LD Score regression distinguishes confounding from polygenicity in genome-wide association studies},
  author={Bulik-Sullivan, Brendan K and Loh, Po-Ru and Finucane, Hilary K and Ripke, Stephan and Yang, Jian and Patterson, Nick and Daly, Mark J and Price, Alkes L and Neale, Benjamin M and Schizophrenia Working Group of the Psychiatric Genomics Consortium and others},
  journal={Nature genetics},
  volume={47},
  number={3},
  pages={291},
  year={2015},
  publisher={Nature Publishing Group}
}

@article{mcfadden1973conditional,
  title={Conditional logit analysis of qualitative choice behavior},
  author={McFadden, Daniel and others},
  year={1973},
  publisher={Institute of Urban and Regional Development, University of California~…}
}

@article{jackman2017package,
  title={Package ‘pscl’},
  author={Jackman, Simon and Tahk, Alex and Zeileis, Achim and Maimone, Christina and Fearon, Jim and Meers, Zoe and Jackman, Maintainer Simon and Imports, MASS},
  journal={See http://github. com/atahk/pscl},
  year={2017}
}

@article{grant1992impaired,
  title={Impaired long-term potentiation, spatial learning, and hippocampal development in fyn mutant mice},
  author={Grant, Seth G and O'dell, Thomas J and Karl, Kevin A and Stein, Paul L and Soriano, Philippe and Kandel, Eric R},
  journal={Science},
  volume={258},
  number={5090},
  pages={1903--1910},
  year={1992},
  publisher={American Association for the Advancement of Science}
}

@article{silva1992impaired,
  title={Impaired spatial learning in alpha-calcium-calmodulin kinase II mutant mice},
  author={Silva, Alcino J and Paylor, Richard and Wehner, Jeanne M and Tonegawa, Susumu},
  journal={Science},
  volume={257},
  number={5067},
  pages={206--211},
  year={1992},
  publisher={American Association for the Advancement of Science}
}

@article{husi2000proteomic,
  title={Proteomic analysis of NMDA receptor--adhesion protein signaling complexes},
  author={Husi, Holger and Ward, Malcolm A and Choudhary, Jyoti S and Blackstock, Walter P and Grant, Seth GN},
  journal={Nature neuroscience},
  volume={3},
  number={7},
  pages={661--669},
  year={2000},
  publisher={Nature Publishing Group}
}

@article{pocklington2006organization,
  title={Organization of brain complexity—synapse proteome form and function},
  author={Pocklington, AJ and Armstrong, JD and Grant, SGN},
  journal={Briefings in Functional Genomics},
  volume={5},
  number={1},
  pages={66--73},
  year={2006},
  publisher={Oxford University Press}
}

@article{collins2006molecular,
  title={Molecular characterization and comparison of the components and multiprotein complexes in the postsynaptic proteome},
  author={Collins, Mark O and Husi, Holger and Yu, Lu and Brandon, Julia M and Anderson, Chris NG and Blackstock, Walter P and Choudhary, Jyoti S and Grant, Seth GN},
  journal={Journal of neurochemistry},
  volume={97},
  pages={16--23},
  year={2006},
  publisher={Wiley Online Library}
}


@article{zuber2005mammalian,
  title={The mammalian central nervous synaptic cleft contains a high density of periodically organized complexes},
  author={Zuber, Benoit and Nikonenko, Irina and Klauser, Paul and Muller, Dominique and Dubochet, Jacques},
  journal={Proceedings of the National Academy of Sciences},
  volume={102},
  number={52},
  pages={19192--19197},
  year={2005},
  publisher={National Acad Sciences}
}



@article{missler2012synaptic,
  title={Synaptic cell adhesion},
  author={Missler, Markus and S{\"u}dhof, Thomas C and Biederer, Thomas},
  journal={Cold Spring Harbor perspectives in biology},
  volume={4},
  number={4},
  pages={a005694},
  year={2012},
  publisher={Cold Spring Harbor Lab}
}

@article{gray1959electron,
  title={Electron microscopy of synaptic contacts on dendrite spines of the cerebral cortex},
  author={Gray, Edward G},
  journal={Nature},
  volume={183},
  number={4675},
  pages={1592--1593},
  year={1959},
  publisher={Nature Publishing Group}
}

@article{schoch2006molecular,
  title={Molecular organization of the presynaptic active zone},
  author={Schoch, Susanne and Gundelfinger, Eckart D},
  journal={Cell and tissue research},
  volume={326},
  number={2},
  pages={379--391},
  year={2006},
  publisher={Springer}
}

@article{dresbach2001presynaptic,
  title={The presynaptic cytomatrix of brain synapses},
  author={Dresbach, T and Qualmann, B and Kessels, MM and Garner, CC and Gundelfinger, ED},
  journal={Cellular and Molecular Life Sciences CMLS},
  volume={58},
  number={1},
  pages={94--116},
  year={2001},
  publisher={Springer}
}

@article{grant2018synapse,
  title={Synapse molecular complexity and the plasticity behaviour problem},
  author={Grant, Seth GN},
  journal={Brain and Neuroscience Advances},
  volume={2},
  pages={1--7},
  year={2018},
  publisher={SAGE Publications Sage UK: London, England}
}


@article{harris2012ultrastructure,
  title={Ultrastructure of synapses in the mammalian brain},
  author={Harris, Kristen M and Weinberg, Richard J},
  journal={Cold Spring Harbor perspectives in biology},
  volume={4},
  number={5},
  pages={a005587},
  year={2012},
  publisher={Cold Spring Harbor Lab}
}



@article{emes2012evolution,
  title={Evolution of synapse complexity and diversity},
  author={Emes, Richard D and Grant, Seth GN},
  journal={Annual review of neuroscience},
  volume={35},
  pages={111--131},
  year={2012},
  publisher={Annual Reviews}
}

@article{rusakov2011shaping,
  title={Shaping the synaptic signal: molecular mobility inside and outside the cleft},
  author={Rusakov, Dmitri A and Savtchenko, Leonid P and Zheng, Kaiyu and Henley, Jeremy M},
  journal={Trends in neurosciences},
  volume={34},
  number={7},
  pages={359--369},
  year={2011},
  publisher={Elsevier}
}

@article{harris2012ultrastructure,
  title={Ultrastructure of synapses in the mammalian brain},
  author={Harris, Kristen M and Weinberg, Richard J},
  journal={Cold Spring Harbor perspectives in biology},
  volume={4},
  number={5},
  pages={a005587},
  year={2012},
  publisher={Cold Spring Harbor Lab}
}
@article{contractor2011kainate,
  title={Kainate receptors coming of age: milestones of two decades of research},
  author={Contractor, Anis and Mulle, Christophe and Swanson, Geoffrey T},
  journal={Trends in neurosciences},
  volume={34},
  number={3},
  pages={154--163},
  year={2011},
  publisher={Elsevier}
}







@article{frank2016nmda,
  title={NMDA receptors are selectively partitioned into complexes and supercomplexes during synapse maturation},
  author={Frank, Ren{\'e} AW and Komiyama, Noboru H and Ryan, Tom{\'a}s J and Zhu, Fei and O’Dell, Thomas J and Grant, Seth GN},
  journal={Nature communications},
  volume={7},
  number={1},
  pages={1--13},
  year={2016},
  publisher={Nature Publishing Group}
}




@article{zhao2017gene,
  title={Gene-based analyses reveal novel genetic overlap and allelic heterogeneity across five major psychiatric disorders},
  author={Zhao, Huiying and Nyholt, Dale R},
  journal={Human genetics},
  volume={136},
  number={2},
  pages={263--274},
  year={2017},
  publisher={Springer}
}

@article{pickrell2010understanding,
  title={Understanding mechanisms underlying human gene expression variation with RNA sequencing},
  author={Pickrell, Joseph K and Marioni, John C and Pai, Athma A and Degner, Jacob F and Engelhardt, Barbara E and Nkadori, Everlyne and Veyrieras, Jean-Baptiste and Stephens, Matthew and Gilad, Yoav and Pritchard, Jonathan K},
  journal={Nature},
  volume={464},
  number={7289},
  pages={768--772},
  year={2010},
  publisher={Nature Publishing Group}
}

@article{li2011gates,
  title={GATES: a rapid and powerful gene-based association test using extended Simes procedure},
  author={Li, Miao-Xin and Gui, Hong-Sheng and Kwan, Johnny SH and Sham, Pak C},
  journal={The American Journal of Human Genetics},
  volume={88},
  number={3},
  pages={283--293},
  year={2011},
  publisher={Elsevier}
}

@article{watanabe2017functional,
  title={Functional mapping and annotation of genetic associations with FUMA},
  author={Watanabe, Kyoko and Taskesen, Erdogan and Van Bochoven, Arjen and Posthuma, Danielle},
  journal={Nature communications},
  volume={8},
  number={1},
  pages={1--11},
  year={2017},
  publisher={Nature Publishing Group}
}

@article{chanda2013fast,
  title={Fast association tests for genes with FAST},
  author={Chanda, Pritam and Huang, Hailiang and Arking, Dan E and Bader, Joel S},
  journal={PloS one},
  volume={8},
  number={7},
  year={2013},
  publisher={Public Library of Science}
}

@article{mishra2015vegas2,
  title={VEGAS2: software for more flexible gene-based testing},
  author={Mishra, Aniket and Macgregor, Stuart},
  journal={Twin Research and Human Genetics},
  volume={18},
  number={1},
  pages={86--91},
  year={2015},
  publisher={Cambridge University Press}
}

@article{liu2010versatile,
  title={A versatile gene-based test for genome-wide association studies},
  author={Liu, Jimmy Z and Mcrae, Allan F and Nyholt, Dale R and Medland, Sarah E and Wray, Naomi R and Brown, Kevin M and Hayward, Nicholas K and Montgomery, Grant W and Visscher, Peter M and Martin, Nicholas G and others},
  journal={The American Journal of Human Genetics},
  volume={87},
  number={1},
  pages={139--145},
  year={2010},
  publisher={Elsevier}
}

@article{brown1975400,
  title={400: A method for combining non-independent, one-sided tests of significance},
  author={Brown, Morton B},
  journal={Biometrics},
  pages={987--992},
  year={1975},
  publisher={JSTOR}
}

@article{valente2008correlated,
  title={How correlated are network centrality measures?},
  author={Valente, Thomas W and Coronges, Kathryn and Lakon, Cynthia and Costenbader, Elizabeth},
  journal={Connections (Toronto, Ont.)},
  volume={28},
  number={1},
  pages={16},
  year={2008},
  publisher={NIH Public Access}
}

@article{lancichinetti2012consensus,
  title={Consensus clustering in complex networks},
  author={Lancichinetti, Andrea and Fortunato, Santo},
  journal={Scientific reports},
  volume={2},
  pages={336},
  year={2012},
  publisher={Nature Publishing Group}
}

@article{lancichinetti2008benchmark,
  title={Benchmark graphs for testing community detection algorithms},
  author={Lancichinetti, Andrea and Fortunato, Santo and Radicchi, Filippo},
  journal={Physical review E},
  volume={78},
  number={4},
  pages={046110},
  year={2008},
  publisher={APS}
}

@article{lancichinetti2009community,
  title={Community detection algorithms: a comparative analysis},
  author={Lancichinetti, Andrea and Fortunato, Santo},
  journal={Physical review E},
  volume={80},
  number={5},
  pages={056117},
  year={2009},
  publisher={APS}
}

@article{newman2006finding,
  title={Finding community structure in networks using the eigenvectors of matrices},
  author={Newman, Mark EJ},
  journal={Physical review E},
  volume={74},
  number={3},
  pages={036104},
  year={2006},
  publisher={APS}
}

@techreport{hagberg2008exploring,
  title={Exploring network structure, dynamics, and function using NetworkX},
  author={Hagberg, Aric and Swart, Pieter and S Chult, Daniel},
  year={2008},
  institution={Los Alamos National Lab.(LANL), Los Alamos, NM (United States)}
}





@article{yang2015defining,
  title={Defining and evaluating network communities based on ground-truth},
  author={Yang, Jaewon and Leskovec, Jure},
  journal={Knowledge and Information Systems},
  volume={42},
  number={1},
  pages={181--213},
  year={2015},
  publisher={Springer}
}


@article{orman2013towards,
  title={Towards realistic artificial benchmark for community detection algorithms evaluation},
  author={Orman, G{\"u}nce Keziban and Labatut, Vincent and Cherifi, Hocine},
  journal={arXiv preprint arXiv:1308.0577},
  year={2013}
}

@article{aldecoa2013exploring,
  title={Exploring the limits of community detection strategies in complex networks},
  author={Aldecoa, Rodrigo and Mar{\'i}n, Ignacio},
  journal={Scientific reports},
  volume={3},
  number={1},
  pages={1--11},
  year={2013},
  publisher={Nature Publishing Group}
}

@article{newman2004finding,
  title={Finding and evaluating community structure in networks},
  author={Newman, Mark EJ and Girvan, Michelle},
  journal={Physical review E},
  volume={69},
  number={2},
  pages={026113},
  year={2004},
  publisher={APS}
}


@article{rosvall2008maps,
  title={Maps of random walks on complex networks reveal community structure},
  author={Rosvall, Martin and Bergstrom, Carl T},
  journal={Proceedings of the National Academy of Sciences},
  volume={105},
  number={4},
  pages={1118--1123},
  year={2008},
  publisher={National Acad Sciences}
}

@inproceedings{pons2005computing,
  title={Computing communities in large networks using random walks},
  author={Pons, Pascal and Latapy, Matthieu},
  booktitle={International symposium on computer and information sciences},
  pages={284--293},
  year={2005},
  organization={Springer}
}

@article{clauset2004finding,
  title={Finding community structure in very large networks},
  author={Clauset, Aaron and Newman, Mark EJ and Moore, Cristopher},
  journal={Physical review E},
  volume={70},
  number={6},
  pages={066111},
  year={2004},
  publisher={APS}
}

@article{raghavan2007near,
  title={Near linear time algorithm to detect community structures in large-scale networks},
  author={Raghavan, Usha Nandini and Albert, R{\'e}ka and Kumara, Soundar},
  journal={Physical review E},
  volume={76},
  number={3},
  pages={036106},
  year={2007},
  publisher={APS}
}

@article{shah2018identification,
  title={Identification of misclassified ClinVar variants via disease population prevalence},
  author={Shah, Naisha and Hou, Ying-Chen Claire and Yu, Hung-Chun and Sainger, Rachana and Caskey, C Thomas and Venter, J Craig and Telenti, Amalio},
  journal={The American Journal of Human Genetics},
  volume={102},
  number={4},
  pages={609--619},
  year={2018},
  publisher={Elsevier}
}

@article{pinero2020disgenet,
  title={The DisGeNET knowledge platform for disease genomics: 2019 update},
  author={Pi{\~n}ero, Janet and Ram{\'\i}rez-Anguita, Juan Manuel and Sa{\"u}ch-Pitarch, Josep and Ronzano, Francesco and Centeno, Emilio and Sanz, Ferran and Furlong, Laura I},
  journal={Nucleic acids research},
  volume={48},
  number={D1},
  pages={D845--D855},
  year={2020},
  publisher={Oxford University Press}
}


@article{landrum2016clinvar,
  title={ClinVar: public archive of interpretations of clinically relevant variants},
  author={Landrum, Melissa J and Lee, Jennifer M and Benson, Mark and Brown, Garth and Chao, Chen and Chitipiralla, Shanmuga and Gu, Baoshan and Hart, Jennifer and Hoffman, Douglas and Hoover, Jeffrey and others},
  journal={Nucleic acids research},
  volume={44},
  number={D1},
  pages={D862--D868},
  year={2016},
  publisher={Oxford University Press}
}


@article{pinero2016disgenet,
  title={DisGeNET: a comprehensive platform integrating information on human disease-associated genes and variants},
  author={Pi{\~n}ero, Janet and Bravo, {\`A}lex and Queralt-Rosinach, N{\'u}ria and Guti{\'e}rrez-Sacrist{\'a}n, Alba and Deu-Pons, Jordi and Centeno, Emilio and Garc{\'\i}a-Garc{\'\i}a, Javier and Sanz, Ferran and Furlong, Laura I},
  journal={Nucleic acids research},
  pages={gkw943},
  year={2016},
  publisher={Oxford University Press}
}

@article{welter2014nhgri,
  title={The NHGRI GWAS Catalog, a curated resource of SNP-trait associations},
  author={Welter, Danielle and MacArthur, Jacqueline and Morales, Joannella and Burdett, Tony and Hall, Peggy and Junkins, Heather and Klemm, Alan and Flicek, Paul and Manolio, Teri and Hindorff, Lucia and others},
  journal={Nucleic acids research},
  volume={42},
  number={D1},
  pages={D1001--D1006},
  year={2014},
  publisher={Oxford University Press}
}

@article{tryka2014ncbi,
  title={NCBI’s Database of Genotypes and Phenotypes: dbGaP},
  author={Tryka, Kimberly A and Hao, Luning and Sturcke, Anne and Jin, Yumi and Wang, Zhen Y and Ziyabari, Lora and Lee, Moira and Popova, Natalia and Sharopova, Nataliya and Kimura, Masato and others},
  journal={Nucleic acids research},
  volume={42},
  number={D1},
  pages={D975--D979},
  year={2014},
  publisher={Oxford University Press}
}

@article{davis2019comparative,
  title={The comparative toxicogenomics database: update 2019},
  author={Davis, Allan Peter and Grondin, Cynthia J and Johnson, Robin J and Sciaky, Daniela and McMorran, Roy and Wiegers, Jolene and Wiegers, Thomas C and Mattingly, Carolyn J},
  journal={Nucleic acids research},
  volume={47},
  number={D1},
  pages={D948--D954},
  year={2019},
  publisher={Oxford University Press}
}

@article{von2007tutorial,
  title={A tutorial on spectral clustering},
  author={Von Luxburg, Ulrike},
  journal={Statistics and computing},
  volume={17},
  number={4},
  pages={395--416},
  year={2007},
  publisher={Springer}
}
@article{ezkurdia2014multiple,
  title={Multiple evidence strands suggest that there may be as few as 19 000 human protein-coding genes},
  author={Ezkurdia, Iakes and Juan, David and Rodriguez, Jose Manuel and Frankish, Adam and Diekhans, Mark and Harrow, Jennifer and Vazquez, Jesus and Valencia, Alfonso and Tress, Michael L},
  journal={Human molecular genetics},
  volume={23},
  number={22},
  pages={5866--5878},
  year={2014},
  publisher={Oxford University Press}
}

@article{ripke2014biological,
  title={Biological insights from 108 schizophrenia-associated genetic loci},
  author={Ripke, Stephan and Neale, Benjamin M and Corvin, Aiden and Walters, James TR and Farh, Kai-How and Holmans, Peter A and Lee, Phil and Bulik-Sullivan, Brendan and Collier, David A and Huang, Hailiang and others},
  journal={Nature},
  volume={511},
  number={7510},
  pages={421--427},
  year={2014},
  publisher={Nature Publishing Group}
}



@article{leskovec2009community,
  title={Community structure in large networks: Natural cluster sizes and the absence of large well-defined clusters},
  author={Leskovec, Jure and Lang, Kevin J and Dasgupta, Anirban and Mahoney, Michael W},
  journal={Internet Mathematics},
  volume={6},
  number={1},
  pages={29--123},
  year={2009},
  publisher={Taylor \& Francis}
}

@inproceedings{leskovec2010empirical,
  title={Empirical comparison of algorithms for network community detection},
  author={Leskovec, Jure and Lang, Kevin J and Mahoney, Michael},
  booktitle={Proceedings of the 19th international conference on World wide web},
  pages={631--640},
  year={2010}
}


@article{spielman2013local,
  title={A local clustering algorithm for massive graphs and its application to nearly linear time graph partitioning},
  author={Spielman, Daniel A and Teng, Shang-Hua},
  journal={SIAM Journal on computing},
  volume={42},
  number={1},
  pages={1--26},
  year={2013},
  publisher={SIAM}
}


@article{hu2016network,
  title={Network biology concepts in complex disease comorbidities},
  author={Hu, Jessica Xin and Thomas, Cecilia Engel and Brunak, S{\o}ren},
  journal={Nature Reviews Genetics},
  volume={17},
  number={10},
  pages={615},
  year={2016},
  publisher={Nature Publishing Group}
}

@article{mitra2013integrative,
  title={Integrative approaches for finding modular structure in biological networks},
  author={Mitra, Koyel and Carvunis, Anne-Ruxandra and Ramesh, Sanath Kumar and Ideker, Trey},
  journal={Nature Reviews Genetics},
  volume={14},
  number={10},
  pages={719--732},
  year={2013},
  publisher={Nature Publishing Group}
}

@article{parikshak2015systems,
  title={Systems biology and gene networks in neurodevelopmental and neurodegenerative disorders},
  author={Parikshak, Neelroop N and Gandal, Michael J and Geschwind, Daniel H},
  journal={Nature Reviews Genetics},
  volume={16},
  number={8},
  pages={441--458},
  year={2015},
  publisher={Nature Publishing Group}
}

@article{yu2008high,
  title={High-quality binary protein interaction map of the yeast interactome network},
  author={Yu, Haiyuan and Braun, Pascal and Y{\i}ld{\i}r{\i}m, Muhammed A and Lemmens, Irma and Venkatesan, Kavitha and Sahalie, Julie and Hirozane-Kishikawa, Tomoko and Gebreab, Fana and Li, Na and Simonis, Nicolas and others},
  journal={Science},
  volume={322},
  number={5898},
  pages={104--110},
  year={2008},
  publisher={American Association for the Advancement of Science}
}

@article{crescenzi2013computing,
  title={On computing the diameter of real-world undirected graphs},
  author={Crescenzi, Pilu and Grossi, Roberto and Habib, Michel and Lanzi, Leonardo and Marino, Andrea},
  journal={Theoretical Computer Science},
  volume={514},
  pages={84--95},
  year={2013},
  publisher={Elsevier}
}

@article{freeman1978centrality,
  title={Centrality in social networks conceptual clarification},
  author={Freeman, Linton C},
  journal={Social networks},
  volume={1},
  number={3},
  pages={215--239},
  year={1978},
  publisher={North-Holland}
}

@article{milenkovic2011dominating,
  title={Dominating biological networks},
  author={Milenkovi{\'c}, Tijana and Memi{\v{s}}evi{\'c}, Vesna and Bonato, Anthony and Pr{\v{z}}ulj, Nata{\v{s}}a},
  journal={PloS one},
  volume={6},
  number={8},
  year={2011},
  publisher={Public Library of Science}
}

@article{lundby2014annotation,
  title={Annotation of loci from genome-wide association studies using tissue-specific quantitative interaction proteomics},
  author={Lundby, Alicia and Rossin, Elizabeth J and Steffensen, Annette B and Acha, Moshe Rav and Newton-Cheh, Christopher and Pfeufer, Arne and Lynch, Stacey N and Olesen, S{\o}ren-Peter and Brunak, S{\o}ren and Ellinor, Patrick T and others},
  journal={Nature methods},
  volume={11},
  number={8},
  pages={868},
  year={2014},
  publisher={Nature Publishing Group}
}

@article{bonacich1972factoring,
  title={Factoring and weighting approaches to status scores and clique identification},
  author={Bonacich, Phillip},
  journal={Journal of mathematical sociology},
  volume={2},
  number={1},
  pages={113--120},
  year={1972},
  publisher={Taylor \& Francis}
}

@article{ghasemi2014centrality,
  title={Centrality measures in biological networks},
  author={Ghasemi, Mahdieh and Seidkhani, Hossein and Tamimi, Faezeh and Rahgozar, Maseud and Masoudi-Nejad, Ali},
  journal={Current Bioinformatics},
  volume={9},
  number={4},
  pages={426--441},
  year={2014},
  publisher={Bentham Science Publishers}
}

@article{hahn2005comparative,
  title={Comparative genomics of centrality and essentiality in three eukaryotic protein-interaction networks},
  author={Hahn, Matthew W and Kern, Andrew D},
  journal={Molecular biology and evolution},
  volume={22},
  number={4},
  pages={803--806},
  year={2005},
  publisher={Oxford University Press}
}

@article{ozgur2008identifying,
  title={Identifying gene-disease associations using centrality on a literature mined gene-interaction network},
  author={{\"O}zg{\"u}r, Arzucan and Vu, Thuy and Erkan, G{\"u}ne{\c{s}} and Radev, Dragomir R},
  journal={Bioinformatics},
  volume={24},
  number={13},
  pages={i277--i285},
  year={2008},
  publisher={Oxford University Press}
}

@article{estrada2006virtual,
  title={Virtual identification of essential proteins within the protein interaction network of yeast},
  author={Estrada, Ernesto},
  journal={Proteomics},
  volume={6},
  number={1},
  pages={35--40},
  year={2006},
  publisher={Wiley Online Library}
}

@article{joy2005high,
  title={High-betweenness proteins in the yeast protein interaction network},
  author={Joy, Maliackal Poulo and Brock, Amy and Ingber, Donald E and Huang, Sui},
  journal={BioMed Research International},
  volume={2005},
  number={2},
  pages={96--103},
  year={2005},
  publisher={Hindawi}
}

@article{pandey2012epistasis,
  title={Epistasis network centrality analysis yields pathway replication across two GWAS cohorts for bipolar disorder},
  author={Pandey, A and Davis, NA and White, BC and Pajewski, Nicholas M and Savitz, J and Drevets, Wayne C and McKinney, Brett A},
  journal={Translational psychiatry},
  volume={2},
  number={8},
  pages={e154--e154},
  year={2012},
  publisher={Nature Publishing Group}
}